% This file was created with JabRef 2.10.
% Encoding: Cp1252


@Electronic{httpcodes,
  Title                    = {{HTTP} code definitions},
  Organization             = {World Wide Web Consortium (W3C)},
  Url                      = {http://www.w3.org/Protocols/rfc2616/rfc2616-sec10.html},

  Owner                    = {JSidrach},
  Timestamp                = {2015.04.13}
}

@Electronic{httpmethods,
  Title                    = {{HTTP} method definitions},
  Organization             = {World Wide Web Consortium (W3C)},
  Url                      = {http://www.w3.org/Protocols/rfc2616/rfc2616-sec9.html},

  Owner                    = {JSidrach},
  Timestamp                = {2015.04.13}
}

@Electronic{json,
  Title                    = {{JSON} format},
  Url                      = {http://json.org/},

  Owner                    = {JSidrach},
  Timestamp                = {2015.04.13}
}

@Standard{ipv4sta,
  Title                    = {Internet Prototocol},
  Institution              = {Defense Advanced Research Projects Agency},
  Organization             = {Departament of Defense},
  Url                      = {http://tools.ietf.org/html/rfc791},
  Year                     = {1981},

  Owner                    = {JSidrach},
  Timestamp                = {2015.04.01}
}

