@Electronic{mvcpattern,
  Title                    = {{The Model-View-Controller (MVC)}},
  Author                   = {Trygve Reenskaug},
  Url                      = {http://heim.ifi.uio.no/~trygver/2003/javazone-jaoo/MVC_pattern.pdf},

  Keywords                 = {bibliografia},
  Owner                    = {JSidrach},
  Timestamp                = {2015.05.22}
}

@InProceedings{jfzazo,
  Title                    = {{TNT10G}: a high-accuracy 10 GbE traffic player and recorder for multi-Terabyte traces},
  Author                   = {Zazo, J.F. and Forconesi, M. and Lopez-Buedo, S. and Sutter, G. and Aracil, J.},
  Booktitle                = {ReConFigurable Computing and FPGAs (ReConFig), International Conference},
  Year                     = {2014},

  Keywords                 = {bibliografia},
  Owner                    = {JSidrach},
  Timestamp                = {2015.05.22}
}

@Electronic{animatecss,
  Title                    = {Animate.css},
  Url                      = {http://daneden.github.io/animate.css},

  Owner                    = {JSidrach},
  Timestamp                = {2015.05.22}
}

@Electronic{apidoc,
  Title                    = {{apiDoc}},
  Url                      = {http://apidocjs.com},

  Owner                    = {JSidrach},
  Timestamp                = {2015.05.22}
}

@Electronic{async,
  Title                    = {Async},
  Url                      = {https://github.com/caolan/async},

  Owner                    = {JSidrach},
  Timestamp                = {2015.05.22}
}

@Electronic{bootstrap,
  Title                    = {Bootstrap},
  Url                      = {http://getbootstrap.com},

  Owner                    = {JSidrach},
  Timestamp                = {2015.05.22}
}

@Electronic{bootstrapnotify,
  Title                    = {{Bootstrap Notify}},
  Url                      = {http://bootstrap-notify.remabledesigns.com},

  Owner                    = {JSidrach},
  Timestamp                = {2015.05.22}
}

@Electronic{bootstraptable,
  Title                    = {Bootstrap table},
  Url                      = {http://bootstrap-table.wenzhixin.net.cn},

  Owner                    = {JSidrach},
  Timestamp                = {2015.05.22}
}

@Electronic{bootswatch,
  Title                    = {Bootswatch},
  Url                      = {https://bootswatch.com},

  Owner                    = {JSidrach},
  Timestamp                = {2015.05.22}
}

@Electronic{bower,
  Title                    = {Bower},
  Url                      = {http://bower.io},

  Owner                    = {JSidrach},
  Timestamp                = {2015.05.22}
}

@Electronic{bowerphp,
  Title                    = {{BowerPHP}},
  Url                      = {http://bowerphp.org},

  Owner                    = {JSidrach},
  Timestamp                = {2015.05.22}
}

@Electronic{bowerrepositorio,
  Title                    = {Bower packages},
  Url                      = {http://bower.io/search},

  Owner                    = {JSidrach},
  Timestamp                = {2015.05.22}
}

@Electronic{cacoo,
  Title                    = {Cacoo},
  Url                      = {https://cacoo.com},

  Owner                    = {JSidrach},
  Timestamp                = {2015.05.22}
}

@Electronic{chartjs,
  Title                    = {{Chart.js}},
  Url                      = {http://www.chartjs.org},

  Owner                    = {JSidrach},
  Timestamp                = {2015.05.22}
}

@Electronic{composer,
  Title                    = {Composer},
  Url                      = {https://getcomposer.org},

  Owner                    = {JSidrach},
  Timestamp                = {2015.05.22}
}

@Electronic{composerrepositorio,
  Title                    = {Packagist},
  Url                      = {https://packagist.org},

  Owner                    = {JSidrach},
  Timestamp                = {2015.05.22}
}

@Electronic{css,
  Title                    = {{CSS}},
  Url                      = {http://www.w3.org/Style/CSS},

  Owner                    = {JSidrach},
  Timestamp                = {2015.05.22}
}

@Electronic{debian,
  Title                    = {{Debian} distribution},
  Url                      = {http://www.debian.org},

  Owner                    = {JSidrach},
  Timestamp                = {2015.05.22}
}

@Electronic{express,
  Title                    = {Express},
  Url                      = {http://expressjs.com},

  Owner                    = {JSidrach},
  Timestamp                = {2015.05.22}
}

@Electronic{gettext,
  Title                    = {{GNU} gettext},
  Url                      = {http://www.gnu.org/software/gettext},

  Owner                    = {JSidrach},
  Timestamp                = {2015.05.22}
}

@Electronic{git,
  Title                    = {Git},
  Url                      = {http://git-scm.com},

  Owner                    = {JSidrach},
  Timestamp                = {2015.05.22}
}

@Electronic{github,
  Title                    = {{GitHub}},
  Url                      = {https://github.com},

  Owner                    = {JSidrach},
  Timestamp                = {2015.05.22}
}

@Electronic{html5,
  Title                    = {{HTML5}},
  Url                      = {http://www.w3.org/TR/html5},

  Owner                    = {JSidrach},
  Timestamp                = {2015.05.22}
}

@Electronic{httpcodes,
  Title                    = {{HTTP} code definitions},
  Organization             = {World Wide Web Consortium (W3C)},
  Url                      = {http://www.w3.org/Protocols/rfc2616/rfc2616-sec10.html},

  Keywords                 = {bibliografia},
  Owner                    = {JSidrach},
  Timestamp                = {2015.05.22}
}

@Electronic{httpd,
  Title                    = {{The Apache HTTP Server Project}},
  Url                      = {http://httpd.apache.org},

  Owner                    = {JSidrach},
  Timestamp                = {2015.05.22}
}

@Electronic{httpmethods,
  Title                    = {{HTTP} method definitions},
  Organization             = {World Wide Web Consortium (W3C)},
  Url                      = {http://www.w3.org/Protocols/rfc2616/rfc2616-sec9.html},

  Keywords                 = {bibliografia},
  Owner                    = {JSidrach},
  Timestamp                = {2015.05.22}
}

@Electronic{javascript,
  Title                    = {{JavaScript}},
  Url                      = {https://developer.mozilla.org/docs/Web/JavaScript},

  Owner                    = {JSidrach},
  Timestamp                = {2015.05.22}
}

@Electronic{jquery,
  Title                    = {{jQuery}},
  Url                      = {https://jquery.com},

  Owner                    = {JSidrach},
  Timestamp                = {2015.05.22}
}

@Electronic{json,
  Title                    = {{JSON} specification},
  Url                      = {http://json.org},

  Owner                    = {JSidrach},
  Timestamp                = {2015.05.22}
}

@Electronic{modrewrite,
  Title                    = {Apache module mod\_rewrite},
  Url                      = {http://httpd.apache.org/docs/current/mod/mod_rewrite.html},

  Owner                    = {JSidrach},
  Timestamp                = {2015.05.22}
}

@Electronic{nodejs,
  Title                    = {Node.js},
  Url                      = {https://nodejs.org},

  Owner                    = {JSidrach},
  Timestamp                = {2015.05.22}
}

@Electronic{nodemon,
  Title                    = {nodemon},
  Url                      = {http://nodemon.io},

  Owner                    = {JSidrach},
  Timestamp                = {2015.05.22}
}

@Electronic{php,
  Title                    = {{PHP}},
  Url                      = {http://php.net},

  Owner                    = {JSidrach},
  Timestamp                = {2015.05.22}
}

@Electronic{phpdocumentor,
  Title                    = {{phpDocumentor}},
  Url                      = {http://www.phpdoc.org},

  Owner                    = {JSidrach},
  Timestamp                = {2015.05.22}
}

@Electronic{poedit,
  Title                    = {Poedit},
  Url                      = {http://poedit.net},

  Owner                    = {JSidrach},
  Timestamp                = {2015.05.22}
}

@Electronic{psr4,
  Title                    = {{PSR-4}},
  Url                      = {http://www.php-fig.org/psr/psr-4},

  Keywords                 = {bibliografia},
  Owner                    = {JSidrach},
  Timestamp                = {2015.05.22}
}

@Electronic{sameorigin,
  Title                    = {Same origin policy},
  Url                      = {http://www.w3.org/Security/wiki/Same_Origin_Policy},

  Keywords                 = {bibliografia},
  Owner                    = {JSidrach},
  Timestamp                = {2015.05.22}
}

@Electronic{responsive,
  Title                    = {{Responsive Web Design}},
  Author                   = {Ethan Marcotte},
  Url                      = {http://alistapart.com/article/responsive-web-design},

  Keywords                 = {bibliografia},
  Owner                    = {JSidrach},
  Timestamp                = {2015.05.22}
}

@Electronic{postman,
  Title                    = {Postman},
  Url                      = {https://www.getpostman.com},

  Owner                    = {JSidrach},
  Timestamp                = {2015.05.22}
}

@Electronic{mit,
  Title                    = {{The MIT License (MIT)}},
  Url                      = {http://opensource.org/licenses/MIT},

  Owner                    = {JSidrach},
  Timestamp                = {2015.05.22}
}

@Electronic{licenses,
  Title                    = {Licenses comparison},
  Url                      = {http://choosealicense.com/licenses},

  Owner                    = {JSidrach},
  Timestamp                = {2015.05.22}
}

@Electronic{tcpdump,
  Title                    = {{tcpdump y libpcap}},
  Url                      = {http://www.tcpdump.org},

  Owner                    = {JSidrach},
  Timestamp                = {2015.05.22}
}

@Electronic{wireshark,
  Title                    = {Wireshark},
  Url                      = {https://www.wireshark.org},

  Owner                    = {JSidrach},
  Timestamp                = {2015.05.22}
}

@Electronic{detectpro,
  Title                    = {{Detect-Pro}},
  Url                      = {http://www.naudit.es/index.php?s=3&p=5&l=0},

  Owner                    = {JSidrach},
  Timestamp                = {2015.05.22}
}

@Electronic{osnt,
  Title                    = {{OSNT}},
  Url                      = {http://osnt.org},

  Owner                    = {JSidrach},
  Timestamp                = {2015.05.22}
}

